<record><leader>00000cas a22000007a 4500</leader><controlfield tag="001">15724353</controlfield><controlfield tag="008">870522d19uu1917msuwr ne      0    0eng d</controlfield><datafield ind1=" " ind2=" " tag="010"><subfield code="a">sn 87065351 </subfield></datafield><datafield ind1=" " ind2=" " tag="040"><subfield code="a">MFM</subfield><subfield code="b">eng</subfield><subfield code="c">MFM</subfield><subfield code="d">MSJ</subfield><subfield code="d">OCL</subfield><subfield code="d">OCLCQ</subfield></datafield><datafield ind1=" " ind2=" " tag="042"><subfield code="a">msc</subfield></datafield><datafield ind1="0" ind2="4" tag="245"><subfield code="a">The Bay Springs news.</subfield></datafield><datafield ind1=" " ind2=" " tag="260"><subfield code="a">Bay Springs, Miss. :</subfield><subfield code="b">W.J. Shoemaker,</subfield><subfield code="c">-1917.</subfield></datafield><datafield ind1=" " ind2=" " tag="310"><subfield code="a">Weekly</subfield></datafield><datafield ind1="0" ind2=" " tag="362"><subfield code="a">-vo. 19 [no. 45] (Nov. 8, 1917).</subfield></datafield><datafield ind1=" " ind2=" " tag="515"><subfield code="a">Vol. 19, no. 45 is misnumbered no. 42.</subfield></datafield><datafield ind1=" " ind2=" " tag="588"><subfield code="a">Description based on: Vol. 17, no. 12 (Mar. 25, 1915).</subfield></datafield><datafield ind1=" " ind2=" " tag="752"><subfield code="a">United States</subfield><subfield code="b">Mississippi</subfield><subfield code="c">Jasper</subfield><subfield code="d">Bay Springs.</subfield></datafield><datafield ind1="0" ind2="0" tag="780"><subfield code="t">Lake Como news</subfield></datafield><datafield ind1="0" ind2="7" tag="785"><subfield code="t">Jasper county review</subfield><subfield code="w">(OCoLC)16171462</subfield></datafield><datafield ind1="0" ind2="7" tag="785"><subfield code="t">Jasper county news (Bay Springs, Miss.)</subfield><subfield code="w">(OCoLC)14508741</subfield></datafield></record>